@IEEEtranBSTCTL{IEEEexample:BSTcontrol,
	CTLdash_repeated_names = "no",
}

@online{qemu-command-flags,
	title = {qemu-systemi386(1)},
	year = 2011,
	organization = {tin},
	author = {Fabrice Bellard},
	howpublished = {\url{http://www.tin.org/bin/man.cgi?section=1\&topic=qemu-system-i386}}
}

