@IEEEtranBSTCTL{IEEEexample:BSTcontrol,
	CTLdash_repeated_names = "no",
}

@online{block-drivers,
	title = {Linux Device Drivers, 3rd Edition},
	author = {Greg Kroa-Hartman},
	howpublished = {\url{https://www.safaribooksonline.com/library/view/linux-device-drivers/0596005903/ch16.html}}
}
@online{crypto-api,
	title = {Linux Kernel Crypto API},
	author = {Stephan Mueller and Marek Vasut},
	howpublished = {\url{https://www.kernel.org/doc/html/v4.13/crypto/index.html}}
}
@online{block-crypto,
	title = {Single Block Cipher API},
	author = {Stephan Mueller and Marek Vasut},
	howpublished = {\url{https://www.kernel.org/doc/html/v4.13/crypto/api-skcipher.html#single-block-cipher-api}}
}
@online{AES-256,
	title = {Encryption and Decryption using AES-256
	},
	howpublished = {\url{https://stackoverflow.com/questions/8927827/encryption-and-decryption-using-aes-256}}
}